<?xml version="1.0" encoding="UTF-8"?><collection xmlns="http://www.loc.gov/MARC21/slim"><record><leader>00626nam--2200181-i-4500</leader><controlfield tag="001">000014467</controlfield><controlfield tag="002">20161230</controlfield><controlfield tag="005">20161230201030</controlfield><controlfield tag="008">060222s1000------------r-----000-0-fre-d</controlfield><datafield ind1=" " ind2=" " tag="040"><subfield code="a">IFIN-HH</subfield></datafield><datafield ind1=" " ind2=" " tag="041"><subfield code="a">fre</subfield></datafield><datafield ind1=" " ind2=" " tag="080"><subfield code="a">539.122.2:539.173.3(043)</subfield></datafield><datafield ind1="1" ind2=" " tag="100"><subfield code="a">Aniel, Thierry</subfield></datafield><datafield ind1="1" ind2="0" tag="245"><subfield code="a">Etude de comparrison de deux systemes d'etiquetage de photons pour l'obtention d'un faisceau de photons monochromatique aux fins d'une utilisation pour des experiences photonucleaires</subfield><subfield code="b">These</subfield><subfield code="c">Thierry aniel</subfield></datafield><datafield ind1=" " ind2=" " tag="260"><subfield code="a">Paris</subfield><subfield code="b">Universite De Paris</subfield><subfield code="c">1982</subfield></datafield><datafield ind1=" " ind2=" " tag="300"><subfield code="a">141 P</subfield></datafield><datafield ind1=" " ind2=" " tag="852"><subfield code="a">71189</subfield><subfield code="c">539.12</subfield></datafield><datafield ind1=" " ind2=" " tag="CAT"><subfield code="a">Sys</subfield><subfield code="c">20120109</subfield><subfield code="h">152216</subfield></datafield></record></collection>